@article{Feynman_RevModPhys_1948, author={R. P. Feynman}, title={Space-time Approach to Non-relativistic Quantum Mechanics}, journal={Reviews of Modern Physics}, year={1948}, volume={20}, pages={367--387}}

@book{Hu_2013, author={胡伟}, title={{\LaTeXe} 完全学习手册}, edition={第二版}, publisher={清华大学出版社}, address={北京}, year={2013}}

@book{Knuth_1986, author={Donald E. Knuth}, title={Computers \& Typesetting, Volume A: The TeXbook}, publisher={Addison-Wesley}, year={1986}}

@book{Liu_2013, author={刘海洋}, title={LaTeX 入门}, publisher={电子工业出版社}, address={北京}, year={2013}}

@book{Mittelbach_2004, author={Frank Mittelbach and Michel Goossens and Johannes Braams and David Carlisle and Chris Rowley}, title={The {\LaTeX} Companion (Tools and Techniques for Computer Typesetting)}, edition={Second}, publisher={Addison-Wesley}, year={2004}}
